<?xml version="1.0" encoding="utf-8"?>
<record xmlns="http://www.loc.gov/MARC21/slim" xmlns:xsi="http://www.w3.org/2001/XMLSchema-instance" xsi:schemaLocation="http://www.loc.gov/MARC21/slim http://www.loc.gov/standards/marcxml/schema/MARC21slim.xsd">
	<leader>     nam a22        4500</leader>
	<controlfield tag="001">b12532745</controlfield>
	<controlfield tag="003">LeBAU</controlfield>
	<controlfield tag="006">m        d        </controlfield>
	<controlfield tag="007">cr cn |||m|||a</controlfield>
	<controlfield tag="008">170120s1948    le      o     1|0 0 ara d</controlfield>
	<datafield ind1=" " ind2=" " tag="040">
		<subfield code="a">NNU</subfield>
		<subfield code="b">ara</subfield>
		<subfield code="e">rda</subfield>
		<subfield code="c">NNU</subfield>
	</datafield>
	<datafield ind1=" " ind2="4" tag="050">
		<subfield code="a">PJ8074</subfield>
		<subfield code="b">.A53 1948 </subfield>
	</datafield>
	<datafield ind1="0" ind2="4" tag="082">
		<subfield code="a">892.709</subfield>
		<subfield code="2">22</subfield>
	</datafield>
	<datafield ind1="2" ind2=" " tag="111">
		<subfield code="6">880-01</subfield>
		<subfield code="a">Mu’tamar al-‘Āmm li-Munaẓẓamat al-Yūniskū</subfield>
		<subfield code="n">(3 :</subfield>
		<subfield code="d">1948 :</subfield>
		<subfield code="c">Beirut)</subfield>
	</datafield>
	<datafield ind1="1" ind2="0" tag="245">
		<subfield code="6">880-02</subfield>
		<subfield code="a">Aʻlām al-Lubnānīyīn fī nahḍat al-ādāb al-ʻArabīyah /</subfield>
		<subfield code="c">al-Muʼtamar al-ʼĀmm al-Thālith li-Munaẓẓamat al-Ūniskū.</subfield>
	</datafield>
	<datafield ind1="1" ind2=" " tag="246">
		<subfield code="6">880-03</subfield>
		<subfield code="i">Title on page [4] of cover:</subfield>
		<subfield code="a">Anthologie des auteurs Libanais de langue Arabe</subfield>
	</datafield>
	<datafield ind1=" " ind2="1" tag="264">
		<subfield code="6">880-04</subfield>
		<subfield code="a">Bayrūt :</subfield>
		<subfield code="b">al-Lajnah al-Lubnānīyah li-Iʻdād Shahr al-Ūniskū,</subfield>
		<subfield code="c">1948.</subfield>
	</datafield>
	<datafield ind1=" " ind2=" " tag="300">
		<subfield code="6">880-05</subfield>
		<subfield code="a">online resource (226 pages)</subfield>
	</datafield>
	<datafield ind1=" " ind2=" " tag="336">
		<subfield code="a">text</subfield>
		<subfield code="2">rdacontent</subfield>
	</datafield>
	<datafield ind1=" " ind2=" " tag="337">
		<subfield code="a">computer</subfield>
		<subfield code="2">rdamedia</subfield>
	</datafield>
	<datafield ind1=" " ind2=" " tag="338">
		<subfield code="a">online resource</subfield>
		<subfield code="2">rdacarrier</subfield>
	</datafield>
	<datafield ind1=" " ind2=" " tag="500">
		<subfield code="a">Part of the Arabic Collections Online (ACO) project, contributed by American University of Beirut's Jafet Memorial Library.</subfield>
	</datafield>
	<datafield ind1=" " ind2=" " tag="533">
		<subfield code="a">Electronic reproduction.</subfield>
		<subfield code="b">New York, N.Y. :</subfield>
		<subfield code="c">New York University,</subfield>
		<subfield code="d">2017.</subfield>
		<subfield code="5">NNU</subfield>
	</datafield>
	<datafield ind1=" " ind2="0" tag="650">
		<subfield code="6">880-06</subfield>
		<subfield code="a">Arabic literature</subfield>
		<subfield code="z">Lebanon</subfield>
		<subfield code="x">History and criticism.</subfield>
	</datafield>
	<datafield ind1=" " ind2="0" tag="650">
		<subfield code="6">880-07</subfield>
		<subfield code="a">Authors, Arab</subfield>
		<subfield code="y">19th century.</subfield>
	</datafield>
	<datafield ind1=" " ind2="0" tag="650">
		<subfield code="6">880-08</subfield>
		<subfield code="a">Authors, Arab</subfield>
		<subfield code="y">20h century.</subfield>
	</datafield>
	<datafield ind1=" " ind2="0" tag="650">
		<subfield code="6">880-09</subfield>
		<subfield code="a">Arabic literature</subfield>
		<subfield code="y">1801-</subfield>
		<subfield code="x">History and criticism.</subfield>
	</datafield>
	<datafield ind1=" " ind2="0" tag="651">
		<subfield code="6">880-10</subfield>
		<subfield code="a">Lebanon</subfield>
		<subfield code="x">Intellectual life</subfield>
		<subfield code="y">20th century.</subfield>
	</datafield>
	<datafield ind1=" " ind2="0" tag="655">
		<subfield code="6">880-11</subfield>
		<subfield code="a">Literary collections.</subfield>
	</datafield>
	<datafield ind1="2" ind2=" " tag="710">
		<subfield code="6">880-12</subfield>
		<subfield code="a">UNESCO,</subfield>
		<subfield code="e">organizer of meeting.</subfield>
	</datafield>
	<datafield ind1="2" ind2=" " tag="710">
		<subfield code="a">Jafet Memorial Library.</subfield>
	</datafield>
	<datafield ind1="0" ind2=" " tag="730">
		<subfield code="a">Arabic Collections Online.</subfield>
	</datafield>
	<datafield ind1="0" ind2="8" tag="776">
		<subfield code="i">Print version:</subfield>
		<subfield code="t">Aʻlām al-Lubnānīyīn fī nahḍat al-ādāb al-ʻArabīyah</subfield>
		<subfield code="w">(LeBAU)b12532745</subfield>
	</datafield>
	<datafield ind1="4" ind2="0" tag="856">
		<subfield code="u">http://hdl.handle.net/2333.1/k98sfcx7</subfield>
	</datafield>
	<datafield ind1="2" ind2=" " tag="880">
		<subfield code="6">111-01/r</subfield>
		<subfield code="a">المؤتمر العام لمنظمة اليونسكو</subfield>
		<subfield code="n">(3 :</subfield>
		<subfield code="d">1948 :</subfield>
		<subfield code="c">بيروت)</subfield>
	</datafield>
	<datafield ind1="1" ind2="0" tag="880">
		<subfield code="6">245-02/r</subfield>
		<subfield code="a">أعلام اللبنانيين في نهضة الآداب العربية /</subfield>
		<subfield code="c">المؤتمر العام الثالث لمنظمة الأونسكو.</subfield>
	</datafield>
	<datafield ind1="1" ind2=" " tag="880">
		<subfield code="6">246-03/r</subfield>
		<subfield code="i">العنوان على صفحة [4] من الغلاف:</subfield>
		<subfield code="a">Anthologie des auteurs Libanais de langue Arabe</subfield>
	</datafield>
	<datafield ind1=" " ind2="1" tag="880">
		<subfield code="6">264-04/r</subfield>
		<subfield code="a">بيروت :</subfield>
		<subfield code="b">اللجنة اللبنانية لإعداد شهر الأونسكو،</subfield>
		<subfield code="c">1948.</subfield>
	</datafield>
	<datafield ind1=" " ind2=" " tag="880">
		<subfield code="6">300-05/r</subfield>
		<subfield code="a">226 صفحة ؛</subfield>
		<subfield code="c">24 سم</subfield>
	</datafield>
	<datafield ind1="0" ind2="0" tag="880">
		<subfield code="6">505-00/r</subfield>
		<subfield code="t">أعلام اللبنانيين في نهضة الآداب العربية:</subfield>
		<subfield code="g">الشعر.</subfield>
		<subfield code="t">تامر الملاط --</subfield>
		<subfield code="t">سليمان البستاني --</subfield>
		<subfield code="t">داود عمون --</subfield>
		<subfield code="t">وديع عقل --</subfield>
		<subfield code="t">أمين تقي الدين --</subfield>
		<subfield code="t">فوزي المعلوف --</subfield>
		<subfield code="t">إلياس أبو شبكة --</subfield>
		<subfield code="g">النثر.</subfield>
		<subfield code="t">أحمد فارس الشدياق --</subfield>
		<subfield code="t">المعلم بطرس البستاني --</subfield>
		<subfield code="t">الشيخ إبراهيم اليازجي --</subfield>
		<subfield code="t">الدكتور يعقوب صروف --</subfield>
		<subfield code="t">الدكتور شبلي الشميل --</subfield>
		<subfield code="t">سليمان البستاني --</subfield>
		<subfield code="t">جرجي زيدان --</subfield>
		<subfield code="t">أمين الريحاني --</subfield>
		<subfield code="t">جبران خليل جبران --</subfield>
		<subfield code="t">فرح أنطوان --</subfield>
		<subfield code="t">أنطوان الجميل --</subfield>
		<subfield code="t">مي زياده --</subfield>
		<subfield code="t">عمر فاخوري.</subfield>
	</datafield>
	<datafield ind1=" " ind2="4" tag="880">
		<subfield code="6">650-06/r</subfield>
		<subfield code="a">الادب العربي</subfield>
		<subfield code="z">لبنان</subfield>
		<subfield code="x">تاريخ ونقد.</subfield>
	</datafield>
	<datafield ind1=" " ind2="4" tag="880">
		<subfield code="6">650-07/r</subfield>
		<subfield code="a">الأدباء العرب</subfield>
		<subfield code="z">لبنان</subfield>
		<subfield code="y">القرن التاسع عشر.</subfield>
	</datafield>
	<datafield ind1=" " ind2="4" tag="880">
		<subfield code="6">650-08/r</subfield>
		<subfield code="a">الأدباء العرب</subfield>
		<subfield code="z">لبنان</subfield>
		<subfield code="y">القرن العشرون.</subfield>
	</datafield>
	<datafield ind1=" " ind2="4" tag="880">
		<subfield code="6">650-09/r</subfield>
		<subfield code="a">الادب العربي</subfield>
		<subfield code="y">1801-</subfield>
		<subfield code="x">تاريخ ونقد.</subfield>
	</datafield>
	<datafield ind1=" " ind2="4" tag="880">
		<subfield code="6">651-10/r</subfield>
		<subfield code="a">لبنان</subfield>
		<subfield code="x">الحياة الفكرية</subfield>
		<subfield code="y">القرن العشرون.</subfield>
	</datafield>
	<datafield ind1=" " ind2="4" tag="880">
		<subfield code="6">655-11/r</subfield>
		<subfield code="a">مجموعات أدبية.</subfield>
	</datafield>
	<datafield ind1="1" ind2=" " tag="880">
		<subfield code="6">710-12/r</subfield>
		<subfield code="a">اليونسكو،</subfield>
		<subfield code="e">منظم.</subfield>
		<subfield code="4">orm.</subfield>
	</datafield>
	<datafield ind1=" " ind2=" " tag="959">
		<subfield code="a">NNU</subfield>
		<subfield code="b">WEB</subfield>
		<subfield code="c">GENI</subfield>
		<subfield code="t">0</subfield>
		<subfield code="m">Electronic access</subfield>
		<subfield code="s">01</subfield>
	</datafield>
	<datafield ind1=" " ind2=" " tag="999">
		<subfield code="i">LeBAU_b12532745</subfield>
		<subfield code="s">aub_aco000239</subfield>
		<subfield code="e">(ERROR-MISC)</subfield>
		<subfield code="s">aub_aco000239</subfield>
	</datafield>
</record>
